<?xml version="1.0" encoding="UTF-8"?><collection xmlns="http://www.loc.gov/MARC21/slim"><record><leader>00434nam--2200121-i-4500</leader><controlfield tag="001">000048124</controlfield><controlfield tag="002">20161230</controlfield><controlfield tag="005">20161230201046</controlfield><controlfield tag="008">060222s1000------------r-----000-0-eng-d</controlfield><datafield ind1=" " ind2=" " tag="245"><subfield code="a">Symposium international sur les anneaux de collisions a electrons et positrons, saclay, 26-30 septembre 1966</subfield></datafield><datafield ind1=" " ind2=" " tag="260"><subfield code="a">Saclay, Institut National De Sciences Et Techniques Nucleaires, 1966, /P.Dif.</subfield></datafield><datafield ind1=" " ind2=" " tag="700"><subfield code="a">Zyngier,H.Etcremieu-alcan,E</subfield></datafield><datafield ind1=" " ind2=" " tag="852"><subfield code="a">27844</subfield></datafield></record></collection>